<?xml version="1.0" encoding="UTF-8"?><collection xmlns="http://www.loc.gov/MARC21/slim"><record><leader>00352nam--2200133-i-4500</leader><controlfield tag="001">000045613</controlfield><controlfield tag="002">20161230</controlfield><controlfield tag="005">20161230201045</controlfield><controlfield tag="008">060222s1000------------r-----000-0-eng-d</controlfield><datafield ind1=" " ind2=" " tag="080"><subfield code="a">001.816:003</subfield></datafield><datafield ind1=" " ind2=" " tag="100"><subfield code="a">Turner, Rufus P</subfield></datafield><datafield ind1=" " ind2=" " tag="245"><subfield code="a">Technical writer`s and editor`s stylbook</subfield></datafield><datafield ind1=" " ind2=" " tag="260"><subfield code="a">Slough, Bucks, W.Foulsham &amp; Co.Ltd., 1965, 208p</subfield></datafield><datafield ind1=" " ind2=" " tag="852"><subfield code="a">34813</subfield></datafield></record></collection>